@inproceedings{bacchus1995using,
  title={Using temporal logic to control search in a forward chaining planner},
  author={Bacchus, Fahiem and Kabanza, Froduald},
  booktitle={Proceedings of the 3rd European Workshop on Planning},
  pages={141--153},
  year={1995}
}

@article{robinson1965machine,
  title={A machine-oriented logic based on the resolution principle},
  author={Robinson, John Alan},
  journal={Journal of the ACM (JACM)},
  volume={12},
  number={1},
  pages={23--41},
  year={1965},
  publisher={ACM}
}

@article{fink1996formalizing,
  title={Formalizing the prodigy planning algorithm},
  author={Fink, Eugene and Veloso, Manuela},
  journal={New Directions in AI Planning},
  pages={261--271},
  year={1996},
  publisher={Amsterdam, The Netherlands: IOS Press}
}

@inproceedings{bonichon2007zenon,
  title={Zenon: An extensible automated theorem prover producing checkable proofs},
  author={Bonichon, Richard and Delahaye, David and Doligez, Damien},
  booktitle={International Conference on Logic for Programming Artificial Intelligence and Reasoning},
  pages={151--165},
  year={2007},
  organization={Springer}
}

@article{kusumoto2018automated,
  title={Automated Theorem Proving in Intuitionistic Propositional Logic by Deep Reinforcement Learning},
  author={Kusumoto, Mitsuru and Yahata, Keisuke and Sakai, Masahiro},
  journal={arXiv preprint arXiv:1811.00796},
  year={2018}
}

@inproceedings{asperti2011matita,
  title={The Matita interactive theorem prover},
  author={Asperti, Andrea and Ricciotti, Wilmer and Coen, Claudio Sacerdoti and Tassi, Enrico},
  booktitle={International Conference on Automated Deduction},
  pages={64--69},
  year={2011},
  organization={Springer}
}
